@article{doi:10.1001/jama.289.4.454,
    author = {Bekelman JE and Li Y and Gross CP},
    title = {Scope and impact of financial conflicts of interest in biomedical research: A systematic review},
    journal = {JAMA},
    volume = {289},
    number = {4},
    pages = {454-465},
    year = {2003},
    doi = {10.1001/jama.289.4.454},
    URL = {http://dx.doi.org/10.1001/jama.289.4.454},
}

@book{xxie,
    author={Bart Pattyn, Pieter d'Hoine},
    title={Jongeren vandaag en de wereld morgen},
    year={2015},
    publisher={Universitaire Pers Leuven},
}
